    @BOOK{Pravidla,
      author =       "Zdeněk Hlavsa and others",
      title =        "Pravidla českého pravopisu",
      publisher =    "Academia",
      edition =      "2",
      year =         "2009",
      isbn =         "80-200-1327-X",
    }
    
    @BOOK{Knuth,
      author =       "Donald E. Knuth",
      title =        "The {\TeX}book",
      publisher =    "Addison-Wesley Publishing Company",
      year =         "1996",
      isbn =         "0-201-13447-0",
    }
    
    @BOOK{Rybicka,
      author =       "Jiří Rybička",
      title =        "\LaTeX~pro začátečníky",
      publisher =    "Konvoj",
      edition =      "3",
      year =         "2003",
      isbn =         "80-7302-049-1",
    }

    @BOOK{Olsak,
      author =       "Petr Olšák",
      title =        "{\TeX}book naruby",
      publisher =    "Konvoj",
      year =         "2001",
      isbn =         "80-7302-0007-6",
    }

    @BOOK{Eikh,
      author =       "Victor Eikhout",
      title =        "{\TeX}by Topics, a {\TeX}nitian's Reference",
      publisher =    "Addison-Wesley UK",
      year =         "2001",
      isbn =         "0-201-56882-9",
    }

    @website{cstugWeb,
      author =       "Petr Sojka and others",
      title =        "Československé sdružení uživatelů {\TeX}u",
      howpublished = "online",
      url =          "http://www.cstug.cz",
      cited =        "2019-10-02"
    }

    @webpage{fitWeb,
      author =       "Zdena Rábová and Petr Hanáček and Petr Peringer and Petr Přikryl and Bohuslav Křena",
      title =        "Užitečné rady pro psaní práce",
      howpublished = "online",
      publisher =    "FIT VUT v~Brně",
      year =         "2008",
      month =        11,
      url =          "https://www.fit.vut.cz/study/theses/theses-advice/",
      cited =        "2019-10-02"
    }

    @webpage{citace,
      author =       "Zdena Rábová and Petr Hanáček and Petr Peringer and Petr Přikryl and Bohuslav Křena",
      title =        "Pravidla pro bibliografické citace",
      howpublished = "online",
      publisher =    "FIT VUT v Brně",
      year =         "2019",
      month =        3,
      url =          "https://www.fit.vut.cz/study/theses/citations/",
      cited =        "2019-10-02"
    }
   
    @MISC{biblio,
      author =       "Olga Biernátová and Jan Skůpa",
      title =        "Bibliografické odkazy a citace dokumentů",
      howpublished = "online",
      url =          "http://www.citace.com/download/CSN-ISO-690.pdf",
      publisher =    "Citace.com",
      month =        9,
      address =      "Brno",
      year =         "2011",
      cited =        "2019-10-02"
    }
   
    @webpage{formalniBP,
      author =       "Zdena Rábová and Petr Přikryl and Petr Peringer and Petr Lampa and Bohuslav Křena and jaroslav Dytrych and Petr Veigend",
      title =        "Pokyny k~bakalářským pracím a SZZ",
      howpublished = "online",
      year =         "2019",
      url =          "https://www.fit.vut.cz/study/theses/bachelor-theses/",
      cited =        "2019-10-02"
    }
   
    @webpage{formalniDP,
      author =       "Zdena Rábová and Petr Přikryl and Petr Peringer and Petr Lampa and Bohuslav Křena and jaroslav Dytrych and Petr Veigend",
      title =        "Pokyny k~diplomovým pracím a SZZ",
      howpublished = "online",
      year =         "2019",
      url =          "https://www.fit.vut.cz/study/theses/master-theses/",
      cited =        "2019-10-02"
    }
   
    @MISC{smernice,
      key =          "Szz",
      author =       "Petr Štěpánek",
      title =        "Směrnice rektora č. 72/2017 -- Úprava, odevzdávání a zveřejňování závěrečných prací",
      howpublished = "online",
      year =         "2017",
      url =          "https://www.vutbr.cz/uredni-deska/vnitrni-predpisy-a-dokumenty/smernice-c-72-2017-uprava-odevzdavani-a-zverejnovani-zaverecnych-praci-d161410",
      cited =        "2019-10-02"
    }
   
   @MISC{smerniceFIT,
      author =       "Pavel Zemčík",
      title =        "Směrnice děkana č. 7/2018 -- Úprava, odevzdávání a zveřejňování závěrečných prací na FIT VUT v Brně",
      howpublished = "online",
      year =         "2018",
      url =          "https://www.fit.vut.cz/fit/info/smernice/sm2018-07.pdf",
      cited =        "2019-10-02"
    }
   
    @website{prirucka,
      key =          "Cerna",
      author =       "Anna Černá and Jan Chromý and Hana Konečná and others",
      title =        "Internetová jazyková příručka -- Ústav pro jazyk český Akademie věd ČR, v. v. i.",
      howpublished = "online",
      publisher =    "Centrum zpracování přirozeného jazyka FI MU",
      year =         "2019",
      url =          "http://prirucka.ujc.cas.cz/",
      cited =        "2019-10-02"
    }
   
    @website{Herout,
      author =       "Adam Herout",
      title =        {herout.net -- Poznámky učitele, kouče, čtenáře.},
      howpublished = "online",
      year =         "2018",
      url =          "http://www.herout.net/",
      cited =        "2019-10-02"
    }
   
    @webpage{chyby,
      key =          "Szoke",
      author =       "Igor Szöke",
      title =        "Textová část BP/DP -- Lessons learned",
      howpublished = "online",
      year =         "2012",
      url =          "http://blog.igor.szoke.cz/2012/01/textova-cast-bpdp-lessons-learned-1.html",
      cited =        "2019-10-02"
    }
   
    @webpage{rady,
      key =          "Szoke",
      author =       "Igor Szöke",
      title =        "Píšete diplomku? 15+1 rad, které vám pomohou.",
      howpublished = "online",
      year =         "2011",
      url =          "http://blog.igor.szoke.cz/2011/12/pisete-diplomku-151-rad-ktere-vam.html",
      cited =        "2019-10-02"
    }
   
    @webpage{Beran,
      author =       "Vítězslav Beran",
      title =        "Beran-BP DP Projekty",
      howpublished = "online",
      year =         "2017",
      url =          "http://merlin.fit.vutbr.cz/wiki/index.php/Beran-BP_DP_Projekty",
      cited =        "2019-10-02"
    }

    @MISC{BeranPDF,
      author =       "Vítězslav Beran",
      title =        "Jak psát technickou zprávu",
      howpublished = "online",
      year =         "2013",
      url =          "http://www.fit.vutbr.cz/~beranv/podpora/Jak\%20psat\%20technickou\%20zpravu.pdf",
      cited =        "2019-10-00"
    }
   
    @webpage{Cernocky,
      key =          "Cernocky",
      author =       "Jan Černocký",
      title =        "Černocký BP DP -- obecně",
      howpublished = "online",
      year =         "2016",
      url =          "https://merlin.fit.vutbr.cz/wiki/index.php/Cernocky_BP_DP-obecne",
      publisher = "Wiki FIT VUT v Brně",
      cited =        "2019-10-02"
    }
   
    @webpage{CernockyEnglish,
      key =          "Cernocky",
      author =       "Jan Černocký",
      title =        "English SOS",
      howpublished = "online",
      year =         "2016",
      url =          "https://merlin.fit.vutbr.cz/wiki/index.php/English_SOS",
      cited =        "2019-10-02"
    }
   
    @MISC{Zemcik,
      author =       "Pavel Zemčík",
      title =        "Všeobecné pokyny pro studenty a vůbec",
      howpublished = "online",
      year =         "2012",
      url =          "http://www.fit.vutbr.cz/~zemcik/Pokyny.pdf",
      cited =        "2019-10-02"
    }
   
    @BOOK{Lebrun2011,
      author =       "Jean-Luc Lebrun",
      title =        "Scientific Writing 2.0: a reader and writer's guide",
      publisher =    "World Scientific Publishing",
      year =         "2011",
      edition =      "1",
      isbn =         "9814350605",
      owner =        "herout",
      timestamp =    "2015.01.20"
    }
  
    @MASTERSTHESIS{Pysny,
      author = {Radek Py{\v{s}}n{\'{y}}},
      type = {Bakal{\'{a}}{\v{r}}sk{\'{a}} pr{\'{a}}ce},
      title = {BiBTeX styl pro {\v{C}}SN ISO 690 a {\v{C}}SN ISO	690-2},
      school = {Vysok{\'{e}} u{\v{c}}en{\'{i}} technick{\'{e}} v Brn{\v{e}}, Fakulta informa{\v{c}}n{\'{i}}ch technologi{\'{i}}},
      year = {2009},
      location = {Brno, CZ},
      language = {czech},
      url = {https://www.fit.vut.cz/study/thesis/7848/}
    }
    %%%%%%%%%%%%%%%%%%%%%%%%%%%%%%%%%%%%%
    %%%%%%%%%%%%%%%%%%%%%%%%%%%%%%%%%%%%%
    %%%%%%%%%%%%%%%%%%%%%%%%%%%%%%%%%%%%%
    %%%%%%%%%%%%%%%%%%%%%%%%%%%%%%%%%%%%%
    
@book{dragon,
	author = {Aho, Alfred V. and Lam, Monica S. and Sethi, Ravi and Ullman, Jeffrey D.},
	title = {Compilers: Principles, Techniques, and Tools (2nd Edition)},
	year = {2006},
  edition = "2.",
	isbn = {0321486811},
	publisher = {Addison-Wesley Longman Publishing Co., Inc.},
	address = {USA}
}

@misc{automata_regex,
      title={Automata and rational expressions}, 
      author={Jacques Sakarovitch},
      year={2015},
      eprint={1502.03573},
      archivePrefix={arXiv},
      primaryClass={cs.FL},
      url={https://arxiv.org/abs/1502.03573}, 
}


@book{Salomaa1987Formal,
	isbn = {0126157502},
	numpages = {322},
	publisher = {Academic Press},
	address = {Boston},
	title = {Formal languages},
	url = {https://openlibrary.org/books/OL2373365M/Formal_languages},
	author = {Salomaa, Arto},
	date = {1987},
	year = {1987},
}
@article{Jager2012-gw,
  title    = "Formal language theory: refining the Chomsky hierarchy",
  author   = "J{\"a}ger, Gerhard and Rogers, James",
  abstract = "The first part of this article gives a brief overview of the four
              levels of the Chomsky hierarchy, with a special emphasis on
              context-free and regular languages. It then recapitulates the
              arguments why neither regular nor context-free grammar is
              sufficiently expressive to capture all phenomena in the natural
              language syntax. In the second part, two refinements of the
              Chomsky hierarchy are reviewed, which are both relevant to the
              extant research in cognitive science: the mildly
              context-sensitive languages (which are located between
              context-free and context-sensitive languages), and the
              sub-regular hierarchy (which distinguishes several levels of
              complexity within the class of regular languages).",
  journal  = "Philos Trans R Soc Lond B Biol Sci",
  volume   =  367,
  number   =  1598,
  pages    = "1956--1970",
  month    =  jul,
  year     =  2012,
  address  = "England",
  language = "en"
}
@article{chomsky1956three,
  title={Three models for the description of language},
  author={Chomsky, Noam},
  journal={IRE Transactions on information theory},
  volume={2},
  number={3},
  pages={113--124},
  year={1956},
  publisher={IEEE}
}
@book{Linz2016Introduction,
	isbn = {9781284077247},
	language = {en},
	numpages = {463},
	publisher = {Jones \& Bartlett Publishers},
	title = {An Introduction to Formal Languages and Automata},
	url = {https://books.google.com/books/about/An_Introduction_to_Formal_Languages_and.html?hl=&id=pDaUCwAAQBAJ},
	author = {Linz Peter},
	date = {2016-01-15},
	year = {2016},
	month = {1},
	day = {15},
}

@misc{ansys_lsf,
  author       = {{Ansys Optics}},
  title        = {Lumerical scripting language},
  year         = {2025},
  howpublished = {\url{https://developer.ansys.com/docs/lumerical/scripting-language}},
  note         = {Accessed: March 30, 2025}
}

@misc{sphinx_quickstart,
  author       = {{Sphinx Documentation Team}},
  title        = {Quickstart — Sphinx Documentation},
  year         = {2025},
  howpublished = {\url{https://www.sphinx-doc.org/en/master/usage/quickstart.html}},
  note         = {Accessed: March 30, 2025}
}
@misc{docutils_rst,
  title        = {reStructuredText Markup Specification},
  author       = {{Docutils Project}},
  year         = {2025},
  howpublished = {\url{https://docutils.sourceforge.io/rst.html}},
  note         = {Accessed: March 30, 2025}
}
@misc{pytest_docs,
  title        = {pytest Documentation},
  author       = {{pytest Development Team}},
  year         = {2025},
  howpublished = {\url{https://docs.pytest.org/en/stable/}},
  note         = {Accessed: March 30, 2025}
}

@inproceedings{asdl,
    author = {Wang, Daniel C. and Appel, Andrew W. and Korn, Jeff L. and Serra, Christopher S.},
    title = {The Zephyr abstract syntax description language},
    year = {1997},
    publisher = {USENIX Association},
    address = {USA},
    abstract = {The Zephyr Abstract Syntax Description Language (ASDL) describes the abstract syntax of compiler intermediate representations (IRs) and other tree-like data structures. Just as the lexical and syntactic structures of programming languages are described with regular expressions and context free grammars, ASDL provides a concise notation for describing the abstract syntax of programming languages. Tools can convert ASDL descriptions into the appropriate data-structure definitions and functions to convert the data-structures to or from a standard flattened representation. This makes it easier to build compiler components that interoperate.Although ASDL lacks subtyping and inheritance, it is able to describe the Stanford University Intermediate Format (SUIF) compiler IR, originally implemented in C++. We have built a tool that converts ASDL into C, C++, Java, and ML data-structure definitions and conversion functions. We have also built a graphical browser-editor of ASDL data structures. ASDL shares features found in many network interface description languages (IDLs), algebraic data types, and languages such as ASN.1 and SGML. Compared to other alternatives ASDL is simple and powerful. This document describes ASDL in detail and presents an initial evaluation of ASDL.},
    booktitle = {Proceedings of the Conference on Domain-Specific Languages on Conference on Domain-Specific Languages (DSL), 1997},
    pages = {17},
    numpages = {1},
    location = {Santa Barbara, California},
    series = {DSL'97},
    url    = {http://www.usenix.org/publications/library/proceedings/dsl97/full_papers/wang/wang.pdf},
    note         = {Accessed: March 31, 2025}
    }

@misc{python3grammar,
  author       = {{Python Software Foundation}},
  title        = {Full Python Grammar Specification},
  year         = {2025},
  url          = {https://docs.python.org/3/reference/grammar.html},
  note         = {Accessed: March 31, 2025}
}

@manual{python_ast,
  author       = {{Python Software Foundation}},
  title        = {Python ast --- Abstract Syntax Trees},
  year         = {2025},
  url          = {https://docs.python.org/3/library/ast.html},
  note         = {Accessed: March 31, 2025}
}

@misc{kocman_llkptg,
  author       = {Kocman, Radim and Kolář, Dušan},
  title        = {LL(k) Parsing Table Generator},
  year         = {2025},
  url          = {https://www.fit.vut.cz/person/kocman/public/llkptg/},
  note         = {Accessed: March 31, 2025}
}



